@article{newsweek2021,
  author = {グレン・カール},
  title  = {元CIAスパイに学ぶ最高のライティング作法},
  journal = {Newsweek日本版},
  volume = {36},
  number = {41},
  pages  = {18--21},
  year   = {2021}
}                  

@book{okumura2020,
  author = {奥村晴彦},
  title  = {［改訂第8版］\LaTeX2e 美文書作成入門},
  publisher = {技術評論社},
  year = {2020}
}

@article{uetsugu2023,
  author = {上續慈子 and 宮下健輔},
  title  = {過去の履修登録情報を利用した履修科目推薦システムの提案},
  journal = {情報処理学会研究報告インターネットと運用技術（IOT）},
  volume = {2023-IOT-62},
  number = {4},
  pages = {1--6},
  year = {2023}
}

@inproceedings{miyashita2016,
  author = {Miyashita, Kensuke and Maruno, Yuki},
  title  = {Campus wireless {LAN} usage analysis and its applications},
  booktitle = {Proceedings of Neural Information Processing: 23rd International Conference (ICONIP2016) Part I},
  pages = {563--569},
  year = {2016},
  organization = {Springer}
}

@book{fukuchi2019,
  author = {福地健太郎 and 園山隆輔},
  title  = {理工系のためのよい文章の書き方},
  publisher = {翔泳社},
  year = {2019}
}
